@misc{enlace_overleaf,
    author = "Overleaf",
	title = "https://es.overleaf.com/",
	year = "consultado el 24 de Noviembre de 2021",
}
